2132 3315
791 153 821 185 L
857 155 872 185 1
907 152 931 185 B
968 154 994 186 Ε
1033 152 1064 187 R
1129 148 1144 188 '1
1158 147 1188 192 ὴ
1836 167 1888 210 14

165 216 244 256 tusa
257 216 423 255 excitare
435 207 732 268 pon‘eP'rosnde
741 213 849 265 quod
860 211 998 253 seruuli
1008 218 1196 254 nunciant
1204 206 1412 268 puellulam
1424 220 1619 260 mortuam
1631 251 1642 270 ‚
1662 219 1772 274 quod
1783 221 1873 259 adez

168 283 255 310 rant
268 272 316 309 de
327 283 435 309 more
445 271 694 308 lamentantes
706 267 825 322 totat'p
835 269 979 308 domus
990 270 1202 322 ploratibus
1214 272 1473 326 perstrepebat
1483 278 1620 314 amaris
1630 306 1642 323 ,
1663 271 1872 331 argumena

169 338 207 365 ta
217 338 325 366 erant
336 337 425 364 uere
434 334 627 363 mortuam
638 320 711 361 esse
724 324 891 376 puellam
906 336 916 365 z
929 325 1034 363 unde
1053 326 1190 366 clarius
1208 327 1383 368 elucescit
1394 333 1566 369 maxima
1576 330 1715 370 Christi
1726 334 1867 380 uirtus,

169 392 364 421 mortuam
376 378 483 419 nullo
492 381 653 431 negotio
663 381 883 418 reuocantis
892 380 938 418 ad
950 380 1307 422 uitamMetuimus
1318 383 1452 422 misere
1461 397 1628 424 mortem
1637 399 1776 425 omnes
1789 416 1798 429 .
1809 385 1870 425 At

168 435 270 476 misit
279 435 391 474 nobis
401 444 506 486 pater
517 432 680 472 coelestis
691 435 888 473 medicum
900 435 941 479 8<
951 439 1169 488 principem
1181 440 1268 475 uitae
1281 436 1600 490 potentiffimum,
1611 445 1674 481 cui
1683 440 1708 480 si
1719 455 1791 480 nos
1803 453 1868 480 ere

169 491 308 529 damus
319 492 582 543 permittentes
594 501 668 527 nos
679 500 783 528 totos
794 488 1058 542 potentiffi‘mo
1068 518 1079 534 ‚
1098 488 1117 529 a
1128 494 1169 530 ui
1180 496 1316 531 mortis
1326 493 1485 533 liberare
1497 494 1632 547 potest.
1664 495 1707 535 Si
1717 500 1805 549 quis
1817 508 1869 535 ex

170 543 282 585 India
291 555 355 584 aut
366 541 579 596 Aethiopia
591 548 753 583 ueniens
765 545 1008 597 polliceretur
1017 544 1089 584 sese
1107 550 1218 585 certis
1231 548 1272 586 &c
1281 548 1451 600 probatis
1461 551 1753 590 medicamentis
1763 565 1870 590 mora

169 611 248 640 tem
258 600 317 638 uel
329 598 533 651 depellere,
548 599 609 637 uel
621 612 702 651 quo
716 601 859 639 tardius
869 603 1023 654 ingruat
1033 631 1044 648 ,
1064 603 1125 639 uel
1137 606 1266 640 minus
1284 606 1325 641 in
1343 616 1416 642 nos
1436 602 1561 644 saeuiat
1575 602 1726 645 efficere
1745 604 1867 658 posse,

167 665 308 708 quanta
318 652 445 706 quaeso
457 654 664 693 hominum
675 657 734 693 uis
744 656 791 693 ad
803 655 915 694 talem
927 656 1151 695 acceleraret
1161 658 1358 696 medicum
1373 665 1391 698 ε’
1409 657 1674 699 Accurramus
1686 673 1780 714 ergo
1791 659 1870 699 fide

164 719 256 748 uera
269 721 358 747 cum
369 707 468 748 Iairo
477 709 525 746 ad
537 721 673 748 uerum
687 710 729 749 ὅ(
739 708 933 749 coelestem
944 712 1206 758 medicum‚ad
1219 715 1436 765 principem
1447 714 1555 753 illum
1567 718 1654 753 uitae
1665 716 1707 755 ὃ(
1716 719 1869 758 mortis.

165 760 317 803 Efficiet
330 768 434 802 enim
447 760 552 802 certo
566 776 607 803 ut
617 769 827 804 morientes
839 778 921 804 non
934 765 1192 813 moriantur‚fi
1200 772 1287 820 quis
1301 767 1442 820 spe-eret
1452 772 1668 808 animarum
1687 773 1870 809 immorta

163 819 322 865 litatem,
336 819 378 858 ὅ(
389 832 553 871 corpora
565 833 726 872 quoque
738 819 814 873 ipsa
825 819 963 860 somno
974 822 1162 860 duntaxat
1171 821 1445 875 consopiantur
1455 823 1504 862 ad
1517 834 1686 877 tempus,
1715 822 1871 863 Rursus

162 877 271 913 enim
283 878 323 913 in
334 872 413 913 fine
423 875 562 913 mundi
573 872 770 928 resurgent
782 876 829 914 ad
842 880 960 915 uitam
971 877 1013 916 &C
1022 878 1188 929 gloriam
1197 876 1480 930 sempiternam.
1501 878 1698 918 Territant
1708 879 1872 932 quidem

163 929 208 969 &C
218 930 267 968 ad
277 928 583 982 desperationem
595 932 801 983 impellunt
810 923 886 970 sere
898 929 1043 984 speetra
1055 932 1097 971 ὃ(
1106 933 1413 972 terriculamenta
1424 933 1741 981 uaria,suadentia
1751 937 1871 973 morin

160 995 271 1024 turos
283 989 475 1037 perituros
485 982 494 995 '
528 998 614 1026 nos,
627 985 822 1028 Caeterum
835 990 877 1025 in
886 986 1071 1026 omnibus
1082 987 1361 1027 tentationibus
1372 987 1534 1028 subinde
1546 989 1766 1028 reuocanda
1778 1002 1872 1028 men

161 1051 201 1080 te
210 1040 363 1079 domini
374 997 540 1088 uomffle
552 1052 714 1082 metuas:
725 1042 1002 1080 tantummodo
1017 1043 1144 1084 crede.
1166 1041 1265 1081 Non
1276 1041 1402 1095 potest
1410 1041 1537 1082 fallere
1553 1044 1596 1083 ὅ(
1605 1048 1761 1083 mentiri
1771 1047 1872 1083 ueria

159 1107 218 1134 tas
228 1107 380 1136 aeterna.
401 1095 490 1145 Qu'
500 1094 607 1134 iubet
616 1096 1014 1144 credere‚credentem
1026 1108 1108 1136 non
1121 1096 1245 1150 potest
1254 1095 1395 1140 falleret
1419 1097 1592 1152 Reliqua
1601 1103 1755 1153 require
1764 1098 1871 1151 apud

161 1150 396 1190 Matthatum
407 1153 448 1189 in
459 1147 714 1203 cap.9.Porro
727 1155 859 1191 recitat
866 1151 1028 1191 Marcus
1038 1152 1167 1191 uerbis
1180 1151 1347 1205 Syriacis
1359 1164 1401 1192 ut
1410 1152 1468 1195 D.
1482 1153 1734 1207 Hieronymo
1744 1153 1870 1194 uisum

161 1204 343 1258 cst,quod
355 1207 539 1244 dominus
551 1206 686 1258 puellae
696 1216 859 1245 mortuae
871 1207 1072 1254 dixit,non
1082 1218 1125 1246 ut
1136 1207 1270 1261 Magis
1283 1206 1491 1246 formulam
1500 1208 1677 1262 preberet
1684 1213 1867 1248 incantan

160 1260 286 1308 di‚sed
296 1273 337 1300 ut
348 1259 566 1299 ostenderet
575 1261 782 1299 dominum
792 1261 900 1300 nullo
912 1265 1073 1314 negotio
1082 1275 1172 1315 neq3
1181 1265 1432 1302 inuocatione
1443 1264 1596 1303 alterius
1609 1265 1692 1313 dei,
1713 1260 1794 1303 imo
1807 1267 1868 1303 uir

160 1327 243 1354 tute
256 1319 412 1369 propria
422 1328 617 1355 mortuam
628 1312 821 1354 reuocaffe
831 1319 872 1354 in
884 1320 1017 1358 uitam⁴
1039 1315 1310 1370 Hieronymus
1325 1319 1505 1371 quaedam
1524 1318 1689 1371 disputat
1700 1321 1748 1358 de
1758 1322 1869 1358 uoci=

160 1367 234 1410 bus
247 1373 318 1410 illis
339 1374 552 1425 peregrinis
572 1383 615 1410 ac
629 1383 760 1410 earum
772 1374 1108 1424 interpretatione,
1135 1372 1183 1412 de
1196 1377 1348 1426 optimo
1364 1375 1642 1428 interpretandi
1659 1388 1802 1428 genere
1817 1372 1868 1413 ad

162 1424 478 1469 Pammachium.

250 1495 307 1540 Et
317 1494 506 1562 egressus
517 1493 577 1540 est
587 1493 701 1539 illine
711 1531 724 1548 ,
745 1489 909 1553 uenitc'p
931 1497 976 1540 in
987 1496 1172 1555 patriam
1183 1492 1368 1549 suam&
1379 1493 1726 1556 sequuntureum
1745 1497 1867 1544 disci:
1888 1515 1910 1545 c
1923 1515 1954 1546 A
1968 1508 2008 1553 Ρ,
2028 1508 2059 1552 'v
2071 1511 2101 1556 t.

161 1564 258 1622 puli
271 1561 346 1609 sui.
372 1561 538 1620 Cumt'p
549 1558 709 1606 adesset
719 1558 948 1607 sabbatum
959 1596 973 1614 ‚
995 1564 1129 1620 coepit
1139 1564 1183 1606 in
1195 1558 1422 1627 synagoga
1433 1561 1586 1607 docere
1598 1577 1612 1610 ε
1631 1563 1799 1624 multit'p
1812 1581 1869 1613 au

159 1628 260 1673 dien
267 1643 325 1673 tes
339 1626 677 1686 obstupuerunt,
690 1626 878 1673 dicentes
890 1663 904 1683 ,
917 1627 1060 1675 Vnde
1071 1627 1171 1672 huic
1181 1627 1295 1674 haec?
1305 1628 1352 1673 ὅ(
1364 1640 1463 1690 quae
1475 1627 1534 1674 est
1543 1627 1636 1675 haec
1646 1627 1867 1691 sapientia,

158 1710 259 1756 qua:
271 1695 369 1740 data
379 1693 440 1740 est
449 1696 532 1740 illi‘J‘
543 1693 590 1739 δέ
602 1710 689 1740 tam
700 1698 900 1754 potentia
909 1691 1018 1740 fasta
1030 1699 1151 1756 (quae
1161 1705 1179 1753 )
1190 1709 1326 1754 opera
1338 1699 1425 1740 eius
1439 1692 1709 1744 efficiuntur?
1728 1695 1868 1744 Non:

157 1778 215 1809 ne
225 1762 292 1807 hic
302 1760 362 1807 est
372 1762 441 1806 ille
452 1760 595 1816 faber,
616 1760 728 1807 filius
740 1760 899 1807 Mariae
908 1798 922 1816 ,
942 1760 1071 1807 frater
1081 1775 1224 1807 autem
1243 1761 1387 1808 lacobi
1396 1761 1445 1808 δέ
1455 1760 1543 1808 lose
1554 1762 1601 1808 δέ
1612 1762 1713 1810 Iuda
1724 1801 1737 1819 ,
1760 1765 1808 1810 ὅ(
1816 1765 1866 1811 Si

157 1832 308 1874 monis
329 1838 352 1876 ‘t
380 1824 555 1875 Nonne
576 1828 623 1874 ὅ(
651 1826 822 1876 sorores
840 1832 930 1875 eius
950 1829 1018 1875 hie
1036 1829 1158 1890 apud
1175 1845 1259 1874 nos
1278 1826 1377 1875 sunt
1387 1836 1410 1876 τ’
1445 1827 1502 1875 Et
1522 1826 1866 1879 offendebantur

159 1911 207 1940 ιη
219 1913 288 1942 eo.

234 1971 388 2012 Rursus
399 1973 514 2012 docet
522 1972 708 2014 dominus
720 2005 731 2022 ‚
753 1977 824 2028 qui
838 1973 1121 2014 illuminaturus
1140 1973 1184 2014 &c
1194 1973 1467 2027 redempturus
1476 1975 1671 2015 mundum
1687 1988 1859 2019 uenerat·
1875 1979 1964 2010 Docet
1978 1975 2101 2013 dmin*

160 2027 270 2081 Ergo
282 2028 456 2067 doctrina
466 2029 568 2067 aliud
580 2042 663 2068 non
672 2028 1029 2082 habetpraestantius
1047 2028 1200 2068 ecclesia
1211 2028 1364 2071 Christi.
1390 2028 1457 2068 Est
1473 2034 1577 2069 enim
1588 2035 1727 2071 animae
1736 2033 1862 2081 cibus,

160 2085 295 2137 regula
306 2086 394 2122 uitae
405 2115 416 2131 ,
439 2084 480 2123 ὅ(
491 2083 646 2122 lucerna
657 2083 878 2122 illuminans
888 2085 1024 2122 oculos
1036 2113 1046 2125 .
1068 2082 1148 2122 Sed
1165 2085 1208 2123 &c
1219 2082 1520 2124 circumstantias
1538 2085 1743 2138 diligenter
1752 2092 1865 2128 attin=

158 2144 217 2193 git
226 2152 364 2178 omnes
376 2167 386 2184 ,
409 2142 549 2177 iccirco
559 2137 709 2177 easdem
726 2138 906 2178 nonnihil
920 2137 1102 2177 illustrare
1112 2142 1409 2190 operaepretium
1418 2138 1484 2180 est.
1503 2139 1570 2178 Ac
1581 2144 1775 2195 principio
1794 2145 1864 2197 qui

159 2196 252 2234 dem
273 2194 458 2233 omnibus
473 2193 660 2233 debemus
672 2207 722 2233 ex
738 2195 917 2233 charitate
934 2193 977 2232 ὅ(
993 2193 1229 2233 humanitate
1249 2190 1545 2233 beneficenu'am
1558 2225 1570 2243 ‚
1589 2199 1631 2234 in
1647 2200 1783 2250 primis
1795 2213 1863 2238 au:

161 2262 240 2290 tem
251 2253 393 2303 patriae.
413 2249 491 2288 Cui
502 2252 571 2301 qui
582 2263 664 2288 non
675 2247 865 2288 benefacit
877 2280 888 2296 ,
916 2249 1087 2288 hominis
1097 2252 1259 2288 nomine
1269 2249 1454 2302 indignus
1464 2247 1517 2289 est
1527 2262 1539 2292 t
1555 2253 1625 2303 qui
1643 2253 1788 2293 damno
1799 2251 1864 2295 affi

161 2309 226 2353 cit,
239 2306 415 2345 diabolus
427 2303 493 2346 est.
512 2304 672 2344 Deinde
685 2305 820 2344 docuit
829 2307 870 2343 in
879 2301 1074 2358 synagoga
1094 2302 1172 2352 siue
1183 2306 1225 2342 in
1235 2317 1339 2343 coetu
1351 2305 1537 2344 dominus
1547 2335 1557 2348 ,
1575 2306 1747 2347 Tametfi
1757 2313 1864 2349 enim

161 2364 342 2413 priuatim
361 2359 600 2414 singulorum
614 2359 656 2399 stt
664 2359 829 2399 uerbum
840 2359 905 2399 dei
917 2390 928 2407 ‚
941 2359 1066 2398 uoluit
1075 2370 1205 2399 tamen
1215 2359 1399 2398 dominus
1410 2359 1457 2398 ab
1464 2364 1576 2400 initio
1589 2364 1787 2414 praedicari
1798 2377 1863 2404 ma

163 2419 270 2455 xime
282 2420 323 2454 in
333 2415 484 2455 ecclesia
495 2415 726 2458 sanctorum.
746 2415 814 2455 De
822 2415 1027 2469 synagogis
1038 2415 1187 2454 dictum
1198 2414 1251 2454 est
1261 2415 1364 2468 apud
1382 2415 1628 2460 Matthaeum.
1649 2416 1730 2457 Iam
1741 2431 1862 2459 omne

162 2483 317 2524 tempus
326 2473 444 2511 cultui
455 2472 516 2510 dei
527 2471 579 2511 cst
588 2473 777 2511 idoneum
788 2502 801 2519 ,
821 2470 1018 2510 sabbatum
1029 2481 1158 2509 tamen
1168 2471 1409 2524 peculiariter
1419 2472 1540 2511 cultui
1551 2471 1603 2510 est
1613 2473 1860 2523 destinatum,

163 2530 206 2566 in
223 2539 303 2579 quo
316 2539 453 2566 coeant
471 2527 587 2566 sanffl
611 2527 659 2566 ad
670 2540 803 2580 preces
815 2527 857 2567 ὃ(
873 2525 1090 2566 doctrinam
1106 2529 1256 2578 pietatis
1267 2557 1278 2574 ‚
1301 2527 1444 2565 deinde
1461 2531 1574 2566 etiam
1585 2528 1632 2566 ab
1644 2533 1754 2568 omni
1767 2531 1861 2569 uani

163 2594 238 2622 tate
249 2583 289 2621 8<
299 2594 339 2620 re
350 2594 466 2634 praua
476 2580 616 2622 cessent
628 2614 639 2629 ,
662 2582 869 2622 uirtutibus
880 2594 1039 2635 operam
1050 2581 1155 2623 dent.
1175 2580 1326 2620 Docuit
1335 2594 1463 2620 autem
1475 2597 1518 2622 ac
1528 2586 1796 2636 interpretatus
1807 2583 1861 2624 est

165 2639 353 2676 dominus
367 2636 586 2689 scripturam
599 2669 610 2685 ,
622 2637 722 2677 lsaiae
733 2638 865 2677 locum
876 2631 895 2676 ἑ
907 2645 958 2678 61.
972 2649 1056 2689 cap.
1068 2649 1247 2676 enarrans
1258 2668 1269 2684 ,
1290 2649 1332 2676 ut
1343 2635 1394 2675 est
1404 2637 1507 2689 apud
1518 2636 1667 2678 Lucam
1678 2642 1718 2678 in
1734 2644 1860 2693 capite

161 2705 315 2747 quarto.
338 2691 653 2745 Reliquitautem
665 2692 844 2732 ministris
856 2692 928 2732 suis
947 2693 989 2732 δέ
1007 2692 1234 2744 exemplum
1247 2691 1576 2731 &institutionem
1591 2722 1603 2740 ,
1628 2694 1724 2746 quid
1738 2695 1780 2734 δι’
1789 2694 1860 2748 ipfi

162 2749 326 2789 trae‘ient
337 2749 378 2788 &c
389 2748 538 2787 tradant
548 2752 587 2787 in
605 2749 862 2788 concionibus
873 2747 982 2788 sacris
994 2779 1004 2795 ,
1025 2746 1221 2787 Christum
1233 2748 1273 2787 8<
1284 2761 1371 2800 quae
1387 2748 1566 2786 uidelicet
1574 2761 1643 2800 per
1661 2749 1860 2790 Christum

163 2805 272 2846 dedit
281 2804 396 2845 nobis
413 2816 520 2858 pater
529 2803 712 2856 eoelestis,
733 2804 883 2846 tradant
899 2815 1028 2845 autem
1039 2815 1090 2844 ex
1105 2801 1321 2858 scriptum,
1340 2815 1427 2857 quae
1444 2802 1559 2857 plene
1569 2808 1701 2845 omnia
1719 2804 1861 2847 Christi

1612 2872 1635 2900 c
1691 2872 1716 2899 a.
